@inproceedings{Starov:powers,
author = {Starov, Oleksii and Nikiforakis, Nick},
title = {Extended Tracking Powers: Measuring the Privacy Diffusion Enabled by Browser Extensions},
year = {2017},
isbn = {9781450349130},
publisher = {International World Wide Web Conferences Steering Committee},
address = {Republic and Canton of Geneva, CHE},
url = {https://doi.org/10.1145/3038912.3052596},
doi = {10.1145/3038912.3052596},
booktitle = {Proceedings of the 26th International Conference on World Wide Web},
pages = {1481–1490},
numpages = {10},
keywords = {web tracking, browser extensions, privacy diffusion},
location = {Perth, Australia},
series = {WWW '17}
}

@INPROCEEDINGS{Fpstalker,
  author={Vastel, Antoine and Laperdrix, Pierre and Rudametkin, Walter and Rouvoy, Romain},
  booktitle={2018 IEEE Symposium on Security and Privacy (SP)}, 
  title={FP-STALKER: Tracking Browser Fingerprint Evolutions}, 
  year={2018},
  volume={},
  number={},
  pages={728-741},
  doi={10.1109/SP.2018.00008}}


@ARTICLE{slicing,
  author={Li, Tiancheng and Li, Ninghui and Zhang, Jian and Molloy, Ian},
  journal={IEEE Transactions on Knowledge and Data Engineering}, 
  title={Slicing: A New Approach for Privacy Preserving Data Publishing}, 
  year={2012},
  volume={24},
  number={3},
  pages={561-574},
  doi={10.1109/TKDE.2010.236}}


@Inbook{OSfingerprinting,
author="Gurary, Jonathan
and Zhu, Ye
and Bettati, Riccardo
and Guan, Yong",
title="Operating System Fingerprinting",
bookTitle="Digital Fingerprinting",
year="2016",
publisher="Springer New York",
address="New York, NY",
pages="115--139",
isbn="978-1-4939-6601-1",
doi="10.1007/978-1-4939-6601-1_7",
url="https://doi.org/10.1007/978-1-4939-6601-1_7"
}

@InProceedings{FingerprintDefender,
author="Moad, Deepali
and Sihag, Vikas
and Choudhary, Gaurav
and Duguma, Daniel Gerbi
and You, Ilsun",
editor="You, Ilsun
and Kim, Hwankuk
and Youn, Taek-Young
and Palmieri, Francesco
and Kotenko, Igor",
title="Fingerprint Defender: Defense Against Browser-Based User Tracking",
booktitle="Mobile Internet Security",
year="2022",
publisher="Springer Nature Singapore",
address="Singapore",
pages="236--247",
isbn="978-981-16-9576-6"
}

@INPROCEEDINGS{clickTrack,
  author={Alberdeston, Roberto and Dondyk, Erich and Zou, Cliff C.},
  booktitle={2014 IEEE Global Communications Conference}, 
  title={Click-tracking blocker: Privacy preservation by disabling search engines' click-tracking}, 
  year={2014},
  volume={},
  number={},
  pages={570-575},
  doi={10.1109/GLOCOM.2014.7036868}}

@INPROCEEDINGS{bfautt,
  author={Kaur, Navpreet and Azam, Sami and Kannoorpatti, Krishnan and Yeo, Kheng Cher and Shanmugam, Bharanidharan},
  booktitle={2017 11th International Conference on Intelligent Systems and Control (ISCO)}, 
  title={Browser Fingerprinting as user tracking technology}, 
  year={2017},
  volume={},
  number={},
  pages={103-111},
  doi={10.1109/ISCO.2017.7855963}}

@INPROCEEDINGS{HawkEyes,
  author={Dahnert, Art},
  booktitle={2011 Second Worldwide Cybersecurity Summit (WCS)}, 
  title={HawkEyes: An advanced IP Geolocation approach: IP Geolocation using semantic and measurement based techniques}, 
  year={2011},
  volume={},
  number={},
  pages={1-3},
  doi={}}

@inproceedings{whatchingthem,
  title={Watching them watching me: Browser extensions’ impact on user privacy awareness and concern},
  author={Schaub, Florian and Marella, Aditya and Kalvani, Pranshu and Ur, Blase and Pan, Chao and Forney, Emily and Cranor, Lorrie Faith},
  booktitle={NDSS workshop on usable security},
  pages={1--10},
  year={2016}
}

@inproceedings{digitalFingerprinting,
title= {operating system fingerprinting},
booktitle={Digital fingerprinting},
author={Wang, Cliff and Gerdes, Ryan M and Guan, Yong and Kasera, Sneha Kumar},
year={2016},
pages="115-121",
volume={},
number={},
doi={10.1007/978-1-4939-6601-1_7}
}

@article{webtrackingMID,
author = {Bujlow, Tomasz and Carela-Español, Valentín and Solé-Pareta, Josep and Barlet-Ros, Pere},
year = {2015},
month = {07},
title = {Web Tracking: Mechanisms, Implications, and Defenses}
}

@INPROCEEDINGS{OSfingvANTA,
  author={Aksoy, Ahmet and Louis, Sushil and Gunes, Mehmet Hadi},
  booktitle={2017 IEEE Congress on Evolutionary Computation (CEC)}, 
  title={Operating system fingerprinting via automated network traffic analysis}, 
  year={2017},
  volume={},
  number={},
  pages={2502-2509},
  doi={10.1109/CEC.2017.7969609}}

@inproceedings{carnus,
  title={Carnus: Exploring the Privacy Threats of Browser Extension Fingerprinting.},
  author={Karami, Soroush and Ilia, Panagiotis and Solomos, Konstantinos and Polakis, Jason},
  booktitle={In Proceedings of the 27th Network and Distributed System Security Symposium (NDSS)},
  year={2020}
}

@INPROCEEDINGS{inhibiting,
  author={Luangmaneerote, Sakchan and Zaluska, Ed and Carr, Leslie},
  booktitle={2017 ieee 3rd international conference on big data security on cloud (bigdatasecurity), ieee international conference on high performance and smart computing (hpsc), and ieee international conference on intelligent data and security (ids)}, 
  title={Inhibiting Browser Fingerprinting and Tracking}, 
  year={2017},
  volume={},
  number={},
  pages={63-68},
  doi={10.1109/BigDataSecurity.2017.40}}

@inproceedings{hostFingerprint,
  title={Host Fingerprinting and Tracking on the Web: Privacy and Security Implications.},
  author={Yen, Ting-Fang and Xie, Yinglian and Yu, Fang and Yu, Roger Peng and Abadi, Martin},
  booktitle={NDSS},
  volume={62},
  pages={66},
  year={2012}
}

@inproceedings{PriVaricator,
author = {Nikiforakis, Nick and Joosen, Wouter and Livshits, Benjamin},
title = {PriVaricator: Deceiving Fingerprinters with Little White Lies},
year = {2015},
isbn = {9781450334693},
publisher = {International World Wide Web Conferences Steering Committee},
address = {Republic and Canton of Geneva, CHE},
url = {https://doi.org/10.1145/2736277.2741090},
doi = {10.1145/2736277.2741090},
booktitle = {Proceedings of the 24th International Conference on World Wide Web},
pages = {820–830},
numpages = {11},
keywords = {fingerprinting, tracking, randomization},
location = {Florence, Italy},
series = {WWW '15}
}

@article{bucketization,
title = {Generalized bucketization scheme for flexible privacy settings},
journal = {Information Sciences},
volume = {348},
pages = {377-393},
year = {2016},
issn = {0020-0255},
doi = {https://doi.org/10.1016/j.ins.2016.01.100},
url = {https://www.sciencedirect.com/science/article/pii/S0020025516300421},
author = {Ke Wang and Peng Wang and Ada Waichee Fu and Raymond Chi-Wing Wong},
keywords = {Anonymity, Bucketization, Data publishing, Disclosure, Privacy},
}

@article{Table,
author = {Laperdrix, Pierre and Bielova, Nataliia and Baudry, Benoit and Avoine, Gildas},
year = {2019},
month = {05},
pages = {},
title = {Browser Fingerprinting: A survey}
}

@inproceedings{panopticlick,
author = {Eckersley, Peter},
title = {How Unique is Your Web Browser?},
year = {2010},
isbn = {3642145264},
publisher = {Springer-Verlag},
address = {Berlin, Heidelberg},
booktitle = {Proceedings of the 10th International Conference on Privacy Enhancing Technologies},
pages = {1–18},
numpages = {18},
location = {Berlin, Germany},
series = {PETS'10}
}

@inproceedings{hiding,
author = {G\'{o}mez-Boix, Alejandro and Laperdrix, Pierre and Baudry, Benoit},
title = {Hiding in the Crowd: An Analysis of the Effectiveness of Browser Fingerprinting at Large Scale},
year = {2018},
isbn = {9781450356398},
publisher = {International World Wide Web Conferences Steering Committee},
address = {Republic and Canton of Geneva, CHE},
url = {https://doi.org/10.1145/3178876.3186097},
doi = {10.1145/3178876.3186097},
booktitle = {Proceedings of the 2018 World Wide Web Conference},
pages = {309–318},
numpages = {10},
keywords = {browser fingerprinting, privacy, software diversity},
location = {Lyon, France},
series = {WWW '18}
}

@inproceedings{amiunique,
  TITLE = {{Beauty and the Beast: Diverting modern web browsers to build unique browser fingerprints}},
  AUTHOR = {Laperdrix, Pierre and Rudametkin, Walter and Baudry, Benoit},
  URL = {https://inria.hal.science/hal-01285470},
  BOOKTITLE = {{37th IEEE Symposium on Security and Privacy (S\&P 2016)}},
  ADDRESS = {San Jose, United States},
  YEAR = {2016},
  MONTH = May,
  KEYWORDS = {browser fingerprinting ; privacy ; software diversity},
  PDF = {https://inria.hal.science/hal-01285470v2/file/beauty-sp16.pdf},
  HAL_ID = {hal-01285470},
  HAL_VERSION = {v2},
}